@ARTICLE{falco2022toward,
       author = {{Falco}, Aur{\'e}lien and {Zingales}, Tiziano and {Pluriel}, William and {Leconte}, J{\'e}r{\'e}my},
        title = "{Toward a multidimensional analysis of transmission spectroscopy. I. Computation of transmission spectra using a 1D, 2D, or 3D atmosphere structure}",
      journal = {Astronomy \& Astrophysics},
     keywords = {planets and satellites: atmospheres, methods: numerical, techniques: spectroscopic, radiative transfer, planets and satellites: general, Astrophysics - Earth and Planetary Astrophysics},
         year = 2022,
        month = feb,
       volume = {658},
          eid = {A41},
        pages = {A41},
          doi = {10.1051/0004-6361/202141940},
archivePrefix = {arXiv},
       eprint = {2110.11799},
 primaryClass = {astro-ph.EP},
       adsurl = {https://ui.adsabs.harvard.edu/abs/2022A&A...658A..41F},
      adsnote = {Provided by the SAO/NASA Astrophysics Data System}
}