@incollection{cortese2019megastudy,
  title={The Megastudy Paradigm: A New Direction for Behavioral Research in Cognitive Science},
  author={Cortese, Michael J},
  booktitle={New Methods in Cognitive Psychology},
  pages={67--85},
  year={2019},
  publisher={Routledge},
  doi={10.4324/9780429318405-4}
}

@article{milkman2021megastudy,
  title={A megastudy of text-based nudges encouraging patients to get vaccinated at an upcoming doctorâ€™s appointment},
  author={Milkman, Katherine L and Patel, Mitesh S and Gandhi, Linnea and Graci, Heather N and Gromet, Dena M and Ho, Hung and Kay, Joseph S and Lee, Timothy W and Akinola, Modupe and Beshears, John and Bogard, John and Buttenheim, Allison and Chabris, Christopher and Capman, Gretchen and Choi, James and Dai, Hengchen and Fox, Craig and Goren, Amir and Hilchey, Matthew and Hmurovic, Jillian and John, Leslie and Karlan, Dean and Kim, Melanie and Laibson, David and Lamberton, Cait and Madrain, Brigette and Meyer, Michelle and Modanu, Maria and Nam, Jimin and Rogers, Ted and Rondina, Renante and Saccardo, Silvia and Shermohammed, Maheen and Soman, Dilip and Sparks, Jehan and Warren, Caleb and Weber, Megan and Berman, Ron and Chalandra, Evans and Snider, Chriostpher and Tsukayama, Eli and Van den Bulte, Christopher and Duckworth, Angela},
  journal={Proceedings of the National Academy of Sciences},
  volume={118},
  number={20},
  year={2021},
  publisher={National Acad Sciences},
  doi={10.1073/pnas.2101165118}
}

@article{milkman2022680,
  title={A 680,000-person megastudy of nudges to encourage vaccination in pharmacies},
  author={Milkman, Katherine L and Patel, Mitesh S and Gandhi, Linnea and Graci, Heather N and Gromet, Dena M and Ho, Hung and Kay, Joseph S and Lee, Timothy W and Rothschild, Jake and Bogard, John and Brody, Ilana and Chabris, Christopher and Chang, Edward and Capman, Gretchen and Dannais, Jennifer and Goldstein, Nick and Goren, Amir and Hershfield, Hal and Hirsch, Alex and Hmurovic, Jillian and Horn, Samantha and Karlan, Dean and Kristal, Ariella and Lamberton, Cait and Meyer, Michelle and Oakes, Allison and Schweitzer, Maurice and Shermohammed, Maheen and Talloen, Joachim and Warren, Caleb and Whillans, Ashley and Yadav, Kuldeep and Zlatev, Julian and Berman, Ron and Chalandra, Evans and Ladhania, Rahul and Ludwig, Jens and Mazar, Nina and Mullainathan, Sendhil and Snider, Christopher and Spiess, Jann and Tsukayama, Eli and Ungar, Lyle and Van den Bulte, Christopher and Volp, Kevin and Duckworth, Angela},
  journal={Proceedings of the National Academy of Sciences},
  volume={119},
  number={6},
  year={2022},
  publisher={National Acad Sciences},
  doi={10.1073/pnas.2115126119}
}

@article{milkman2021megastudies,
  title={Megastudies improve the impact of applied behavioural science},
  author={Milkman, Katherine L and Gromet, Dena and Ho, Hung and Kay, Joseph S and Lee, Timothy W and Pandiloski, Pepi and Park, Yeji and Rai, Aneesh and Bazerman, Max and Beshears, John and Bonacorsi, Lauri and Camerer, Colin and Chang, Edward and Chapman, Gretchen and Cialdini, Robert and Dai, Hengchen and Eskreis-Winkler, Lauren and Fishbach, Ayelet and Gross, James and Horn, Samantha and Hubbard, Alexa and Jones, Steven and Karlan, Dean and Kautz, Tim and Kirgios, Erika and Klusowski, Joowon and Kristal, Ariella and Ladhania, Rahul and Loewenstein, George and Ludwig, Jens and Mellers, Barbara and Mullainathan, Sendhil and Saccardo, Silvia and Spiess, Jann and Siru, Vaurav and Talloen, Joachim and Taxer, Jamie and Trope, Yaacov and Ungar, Lyle and Volpp, Kevin and Whillans, Ashley and Zinman, Jonathan and Duckworth, Angela},
  journal={Nature},
  volume={600},
  number={7889},
  pages={478--483},
  year={2021},
  publisher={Nature Publishing Group},
  doi={10.1038/s41586-021-04128-4}
}

@article{dellavigna2018motivates,
  title={What motivates effort? Evidence and expert forecasts},
  author={DellaVigna, Stefano and Pope, Devin},
  journal={The Review of Economic Studies},
  volume={85},
  number={2},
  pages={1029--1069},
  year={2018},
  publisher={Oxford University Press},
  doi={10.3386/w22193}
}

@article{lai2014reducing,
  title={Reducing implicit racial preferences: I. A comparative investigation of 17 interventions.},
  author={Lai, Calvin K and Marini, Maddalena and Lehr, Steven A and Cerruti, Carlo and Shin, Jiyun-Elizabeth L and Joy-Gaba, Jennifer A and Ho, Arnold K and Teachman, Bethany A and Wojcik, Sean P and Koleva, Spassena P and Frazier, Rebecca S. and Heiphetz, Larisa and Chen, Eva E. and Turner, Rhiannon N. and Haidt, Jonathan and Kesebir, Selin and Hawkins, Carlee Beth and Schaefer, Hillary S. and Rubichi, Sandro and Sartori, Giuseppe and Dial, Christopher M. and Sriram, N.,Banaji, Mahzarin R. and Nosek, Brian A.},
  journal={Journal of Experimental Psychology: General},
  volume={143},
  number={4},
  pages={1765},
  year={2014},
  publisher={American Psychological Association},
  doi={10.1037/a0036260}
}

@article{karlan2007does,
  title={Does price matter in charitable giving? Evidence from a large-scale natural field experiment},
  author={Karlan, Dean and List, John A},
  journal={American Economic Review},
  volume={97},
  number={5},
  pages={1774--1793},
  year={2007},
  doi={10.3386/w12338}
}

@techreport{banerjee2021selecting,
  title={Selecting the most effective nudge: Evidence from a large-scale experiment on immunization},
  author={Banerjee, Abhijit and Chandrasekhar, Arun G and Dalpath, Suresh and Duflo, Esther and Floretta, John and Jackson, Matthew O and Kannan, Harini and Loza, Francine N and Sankar, Anirudh and Schrimpf, Anna and Shrestha, Maheshwor},
  year={2021},
  institution={National Bureau of Economic Research},
  doi={10.3386/w28726}
}

@article{caria2020adaptive,
  title={An adaptive targeted field experiment: Job search assistance for refugees in Jordan},
  author={Caria, Stefano and Gordon, Grant and Kasy, Maximilian and Quinn, Simon and Shami, Soha and Teytelboym, Alex},
  year={2020},
  publisher={CESifo Working Paper},
  doi={10.2139/ssrn.3689456}
}

@techreport{chetty2018opportunity,
  title={The opportunity atlas: Mapping the childhood roots of social mobility},
  author={Chetty, Raj and Friedman, John N and Hendren, Nathaniel and Jones, Maggie R and Porter, Sonya R},
  year={2018},
  institution={National Bureau of Economic Research},
  doi={10.3386/w25147}
}

@article{chetty2018impacts,
  title={The impacts of neighborhoods on intergenerational mobility II: County-level estimates},
  author={Chetty, Raj and Hendren, Nathaniel},
  journal={The Quarterly Journal of Economics},
  volume={133},
  number={3},
  pages={1163--1228},
  year={2018},
  publisher={Oxford University Press},
  doi={10.3386/w23002}
}

@article{chetty2014land,
  title={Where is the land of opportunity? The geography of intergenerational mobility in the United States},
  author={Chetty, Raj and Hendren, Nathaniel and Kline, Patrick and Saez, Emmanuel},
  journal={The Quarterly Journal of Economics},
  volume={129},
  number={4},
  pages={1553--1623},
  year={2014},
  publisher={Oxford University Press},
  doi={10.3386/w19843}
}

@techreport{andrews2019inference,
  title={Inference on winners},
  author={Andrews, Isaiah and Kitagawa, Toru and McCloskey, Adam},
  year={2019},
  institution={National Bureau of Economic Research},
  doi={10.3386/w25456}
}

@article{andrews2022inference,
Author = {Andrews, Isaiah and Bowen, Dillon and Kitagawa, Toru and McCloskey, Adam},
Title = {Inference for Losers},
Journal = {AEA Papers and Proceedings},
Volume = {112},
Year = {2022},
Month = {May},
Pages = {635-42},
DOI = {10.1257/pandp.20221065},
URL = {https://www.aeaweb.org/articles?id=10.1257/pandp.20221065}}

@article{romano2005stepwise,
    title={Stepwise multiple testing as formalized data snooping},
    author={Romano, Joseph P and Wolf, Michael},
    journal={Econometrica},
    volume={73},
    number={4},
    pages={1237--1282},
    year={2005},
    publisher={Wiley Online Library},
    doi={10.1111/j.1468-0262.2005.00615.x}
}

@article{storey2003statistical,
    title={Statistical significance for genomewide studies},
    author={Storey, John D and Tibshirani, Robert},
    journal={Proceedings of the National Academy of Sciences},
    volume={100},
    number={16},
    pages={9440--9445},
    year={2003},
    publisher={National Acad Sciences},
    doi={10.1073/pnas.1530509100}
}

@techreport{mogstad2020inference,
    title={Inference for ranks with applications to mobility across neighborhoods and academic achievement across countries},
    author={Mogstad, Magne and Romano, Joseph P and Shaikh, Azeem and Wilhelm, Daniel},
    year={2020},
    institution={National Bureau of Economic Research},
    doi={10.3386/w26883}
}

@inproceedings{stein1956inadmissibility,
    title={Inadmissibility of the usual estimator for the mean of a multivariate normal distribution},
    author={Stein, Charles},
    booktitle={Proceedings of the Third Berkeley symposium on mathematical statistics and probability},
    volume={1},
    number={1},
    pages={197--206},
    year={1956},
    doi={10.1525/9780520313880-018}
}

@incollection{james1992estimation,
    title={Estimation with quadratic loss},
    author={James, William and Stein, Charles},
    booktitle={Breakthroughs in statistics},
    pages={443--460},
    year={1992},
    publisher={Springer},
    doi={10.1007/978-1-4612-0919-5_30}
}

@inproceedings{dimmery2019shrinkage,
    title={Shrinkage estimators in online experiments},
    author={Dimmery, Drew and Bakshy, Eytan and Sekhon, Jasjeet},
    booktitle={Proceedings of the 25th ACM SIGKDD International Conference on Knowledge Discovery \& Data Mining},
    pages={2914--2922},
    year={2019},
    doi={10.1145/3292500.3330771}
}

@article{baronchelli2020relativistic,
  title={Relativistic accretion disc reflection in AGN X-ray spectra at z= 0.5--4: a study of four Chandra Deep Fields},
  author={Baronchelli, Linda and Nandra, Kirpal and Buchner, Johannes},
  journal={Monthly Notices of the Royal Astronomical Society},
  volume={498},
  number={4},
  pages={5284--5298},
  year={2020},
  publisher={Oxford University Press},
  doi={10.1093/mnras/staa2684}
}

@article{cai2021nonparametric,
    title={Nonparametric empirical bayes estimation and testing for sparse and heteroscedastic signals},
    author={Cai, Junhui and Han, Xu and Ritov, Ya'acov and Zhao, Linda},
    journal={arXiv preprint arXiv:2106.08881},
    year={2021},
    doi={10.48550/arXiv.2106.08881}
}

@article{brown2009nonparametric,
  title={Nonparametric empirical Bayes and compound decision approaches to estimation of a high-dimensional vector of normal means},
  author={Brown, Lawrence D and Greenshtein, Eitan},
  journal={The Annals of Statistics},
  pages={1685--1704},
  year={2009},
  publisher={JSTOR},
  doi={10.1214/08-aos630}
}

@article{armstrong2020robust,
  title={Robust empirical bayes confidence intervals},
  author={Armstrong, Timothy B and Koles{\'a}r, Michal and Plagborg-M{\o}ller, Mikkel},
  journal={arXiv preprint arXiv:2004.03448},
  year={2020},
  doi={10.48550/arXiv.2004.03448}
}

@article{hernandez2017applying,
  title={Applying Behavioral Insights to Improve Tax Collection},
  author={Hernandez, Marco and Jamison, Julian and Korczyc, Ewa and Mazar, Nina and Sormani, Roberto},
  year={2017},
  publisher={World Bank, Washington, DC},
  doi={10.1596/27528}
}

@inproceedings{seabold2010statsmodels,
  title={statsmodels: Econometric and statistical modeling with python},
  author={Seabold, Skipper and Perktold, Josef},
  booktitle={9th Python in Science Conference},
  year={2010},
  doi={10.25080/majora-92bf1922-011}
}

@article{salvatier2016probabilistic,
  title={Probabilistic programming in Python using PyMC3},
  author={Salvatier, John and Wiecki, Thomas V and Fonnesbeck, Christopher},
  journal={PeerJ Computer Science},
  volume={2},
  pages={e55},
  year={2016},
  publisher={PeerJ Inc.},
  doi={10.7717/peerj-cs.55}

}

@ARTICLE{2020SciPy-NMeth,
  author  = {Virtanen, Pauli and Gommers, Ralf and Oliphant, Travis E. and
            Haberland, Matt and Reddy, Tyler and Cournapeau, David and
            Burovski, Evgeni and Peterson, Pearu and Weckesser, Warren and
            Bright, Jonathan and {van der Walt}, St{\'e}fan J. and
            Brett, Matthew and Wilson, Joshua and Millman, K. Jarrod and
            Mayorov, Nikolay and Nelson, Andrew R. J. and Jones, Eric and
            Kern, Robert and Larson, Eric and Carey, C J and
            Polat, {\.I}lhan and Feng, Yu and Moore, Eric W. and
            {VanderPlas}, Jake and Laxalde, Denis and Perktold, Josef and
            Cimrman, Robert and Henriksen, Ian and Quintero, E. A. and
            Harris, Charles R. and Archibald, Anne M. and
            Ribeiro, Ant{\^o}nio H. and Pedregosa, Fabian and
            {van Mulbregt}, Paul and {SciPy 1.0 Contributors}},
  title   = {{{SciPy} 1.0: Fundamental Algorithms for Scientific
            Computing in Python}},
  journal = {Nature Methods},
  year    = {2020},
  volume  = {17},
  pages   = {261--272},
  adsurl  = {https://rdcu.be/b08Wh},
  doi     = {10.1038/s41592-019-0686-2},
}

@article{botev2017normal,
  title={The normal law under linear restrictions: simulation and estimation via minimax tilting},
  author={Botev, Zdravko I},
  journal={Journal of the Royal Statistical Society: Series B (Statistical Methodology)},
  volume={79},
  number={1},
  pages={125--148},
  year={2017},
  publisher={Wiley Online Library},
  doi={10.1111/rssb.12162}
}

@inproceedings{botev2015efficient,
  title={Efficient probability estimation and simulation of the truncated multivariate student-t distribution},
  author={Botev, Zdravko I and l'Ecuyer, Pierre},
  booktitle={2015 Winter Simulation Conference (WSC)},
  pages={380--391},
  year={2015},
  organization={IEEE},
  doi={10.1109/wsc.2015.7408180}
}

@Manual{botev2021truncatednormal,
    title = {TruncatedNormal: Truncated Multivariate Normal and Student Distributions},
    author = {Zdravko Botev and Leo Belzile},
    year = {2021},
    note = {R package version 2.2.2},
    url = {https://CRAN.R-project.org/package=TruncatedNormal}
  }